<?xml version="1.0" encoding="UTF-8"?><collection xmlns="http://www.loc.gov/MARC21/slim"><record><leader>00629nam--2200193-i-4500</leader><controlfield tag="001">000010712</controlfield><controlfield tag="002">20161230</controlfield><controlfield tag="005">20161230201028</controlfield><controlfield tag="008">060222s1000------------r-----000-0-fre-d</controlfield><datafield ind1=" " ind2=" " tag="040"><subfield code="a">IFIN-HH</subfield></datafield><datafield ind1=" " ind2=" " tag="041"><subfield code="a">fre</subfield></datafield><datafield ind1=" " ind2=" " tag="080"><subfield code="a">539.125.5.172:546.26</subfield></datafield><datafield ind1="1" ind2=" " tag="100"><subfield code="a">Haouat, G</subfield></datafield><datafield ind1=" " ind2=" " tag="245"><subfield code="a">Diffusion de neutrons de 8,5 a 11 mev par 12 c</subfield><subfield code="b">Paper presented at the national soviet conference on neutron physics kiev may 28 - june 1, 1973</subfield><subfield code="c">G. haouat, f. cocu</subfield></datafield><datafield ind1=" " ind2=" " tag="260"><subfield code="a">Bruyeres-le-chatel</subfield><subfield code="b">Service De Physique Nucleaire</subfield><subfield code="c">1973</subfield></datafield><datafield ind1=" " ind2=" " tag="300"><subfield code="a">5 P. + 2 FIG</subfield></datafield><datafield ind1="1" ind2=" " tag="700"><subfield code="a">Cocu, F</subfield></datafield><datafield ind1=" " ind2=" " tag="852"><subfield code="a">39157</subfield><subfield code="c">539.12</subfield></datafield><datafield ind1=" " ind2=" " tag="CAT"><subfield code="a">Sys</subfield><subfield code="c">20111123</subfield><subfield code="h">122405</subfield></datafield></record></collection>